@article{JUNOdet,
	title = {JUNO physics and detector},
	journal = {Progress in Particle and Nuclear Physics},
	volume = {123},
	pages = {103927},
	year = {2022},
	issn = {0146-6410},
	doi = {https://doi.org/10.1016/j.ppnp.2021.103927},
	url = {https://www.sciencedirect.com/science/article/pii/S0146641021000880},
	keywords = {JUNO, neutrino physics, neutrino detector},
}
@article{Sub_osci,
  doi = {10.1088/1674-1137/ac8bc9},
  url = {https://doi.org/10.1088/1674-1137/ac8bc9},
  year = {2022},
  publisher = {{IOP} Publishing},
  volume = {46},
  pages = {123001},
  author = {A. Abusleme er al.},
  title = {Sub-percent precision measurement of neutrino oscillation parameters with JUNO},
  journal = {Chinese Physics C}
}

@article{dim_osci_neut,
  doi = {10.1103/revmodphys.88.030501},
  url = {https://doi.org/10.1103/revmodphys.88.030501},
  year = {2016},
  publisher = {American Physical Society ({APS})},
  volume = {88},
  number = {3},
  author = {Takaaki Kajita},
  title = {Nobel Lecture: Discovery of atmospheric neutrino oscillations},
  journal = {Reviews of Modern Physics}
}

@article{matrix_1,
  title={Remarks on the unified model of elementary particles},
  author={Maki, Z and Nakagawa, M and Sakata, S},
  journal={Progress of Theoretical Physics},
  volume={28},
  number={5},
  pages={870--880},
  year={1962},
  publisher={Oxford University Press},
  doi={10.1143/PTP.28.870}
}

@article{matrix_2,
  title={Bruno Pontecorvo and the neutrino},
  author={Bilenky, SM},
  journal={Physics-Uspekhi},
  volume={184},
  pages={531--538},
  year={2014},
  doi={10.3367/UFNe.0184.201405g.0531}
}

@article{matrix_3,
  title={Neutrino Experiments and the Problem of Conservation of Leptonic Charge},
  author={Pontecorvo, B},
  journal={Zh. Exsp. Teor. Fiz.},
  volume={53},
  pages={1717--1725},
  year={1967}
}

@article{pdg,
	author = "Workman, R. L. and Others",
	collaboration = "Particle Data Group",
	title = "{Review of Particle Physics}",
	doi = "10.1093/ptep/ptac097",
	journal = "PTEP",
	volume = "2022",
	pages = "083C01",
	year = "2022"
}

@misc{word_react,
  title = {IAEA Reactor Database (RRDB)},
  howpublished = {Online},
  url = {https://nucleus.iaea.org/rrdb/#/home}
}



%Machine Learnig
@book{mitchell1997machine,
  title={Machine Learning},
  author={Mitchell, T.},
  year={1997},
  publisher={McGraw Hill}
}


%Gradient Boosting
@article{gb_1,
  title={Gradient Boosting Decision Trees Explained},
  author={Friedman, Jerome H},
  journal={Annals of Statistics},
  pages={1189--1232},
  year={2001},
  publisher={Institute of Mathematical Statistics},
  url={https://www.mdpi.com/2072-4292/12/12/1973/pdf?version=1592572050}
}

@inproceedings{gb_2,
  title={XGBoost: A Scalable Tree Boosting System},
  author={Chen, Tianqi and Guestrin, Carlos},
  booktitle={Proceedings of the 22nd ACM SIGKDD International Conference on Knowledge Discovery and Data Mining},
  pages={785--794},
  year={2016},
  organization={ACM},
  url={https://dl.acm.org/doi/10.1145/2939672.2939785}
}

%Newral Network
@book{haykin2009neural,
  title={Neural networks and learning machines},
  author={Haykin, Simon},
  year={2009},
  publisher={Pearson Upper Saddle River, NJ, USA:}
}

@book{goodfellow2016deep,
  title={Deep learning},
  author={Goodfellow, Ian and Bengio, Yoshua and Courville, Aaron},
  year={2016},
  publisher={MIT press}
}

@article{ruder2016overview,
  title={An overview of gradient descent optimization algorithms},
  author={Ruder, Sebastian},
  journal={arXiv:1609.04747},
  year={2016}
}

%Sniper
@article{sniper,
	doi = {10.1140/epjc/s10052-023-11514-x},
	url = {https://doi.org/10.1140/epjc/s10052-023-11514-x},
	year = {2023},
	publisher = {Springer Science and Business Media {LLC}},
	volume = {83},
	author = {Tao Lin and Yuxiang Hu and Miao Yu and Haosen Zhang and Simon Charles Blyth and Yaoguang Wang and Haoqi Lu and Cecile Jollet and Jo{\~{a}}o Pedro Athayde Marcondes de Andr{\'{e}} and Ziyan Deng and Guofu Cao and Fengpeng An and Pietro Chimenti and Xiao Fang and Yuhang Guo and Wenhao Huang and Xingtao Huang and Rui Li and Teng Li and Weidong Li and Xinying Li and Yankai Liu and Anselmo Meregaglia and Zhen Qian and Yuhan Ren and Akira Takenaka and Liangjian Wen and Jilei Xu and Zhengyun You and Feiyang Zhang and Yan Zhang and Yumei Zhang and Jiang Zhu and Jiaheng Zou},
	title = {Simulation software of the {JUNO} experiment},
	journal = {The European Physical Journal C}
}

%shap
@inproceedings{shap,
  title={A unified approach to interpreting model predictions},
  author={Lundberg, Scott M and Lee, Su-In},
  booktitle={Proceedings of the 31st International Conference on Neural Information Processing Systems},
  year={2017},
  pages={4765--4774},
  address={Long Beach, CA, USA}
}







