@article{Kajita2016,
	doi = {10.1103/revmodphys.88.030501},
	url = {https://doi.org/10.1103/revmodphys.88.030501},
	year = {2016},
	month = jul,
	publisher = {American Physical Society ({APS})},
	volume = {88},
	number = {3},
	author = {Takaaki Kajita},
	title = {Nobel Lecture: Discovery of atmospheric neutrino oscillations},
	journal = {Reviews of Modern Physics}
}

https://indico.cern.ch/event/855372/contributions/4435776/attachments/2305265/3921810/Nufact2021_JUNOoscillations.pdf